@article{lew2006content,
  title={Content-based multimedia information retrieval: State of the art and challenges},
  author={Lew, Michael S and Sebe, Nicu and Djeraba, Chabane and Jain, Ramesh},
  journal={TOMM},
  year={2006}
}
@article{smeulders2000content,
	title={Content-based image retrieval at the end of the early years},
	author={Smeulders, Arnold WM and Worring, Marcel and Santini, Simone and Gupta, Amarnath and Jain, Ramesh},
	journal={TPAMI},
	year={2000}
}
@inproceedings{hare2006mind,
	title={Mind the gap: another look at the problem of the semantic gap in image retrieval},
	author={Hare, Jonathon S and Lewis, Paul H and Enser, Peter GB and Sandom, Christine J},
	booktitle={Electronic Imaging 2006},
	pages={607309--607309},
	year={2006},
	organization={International Society for Optics and Photonics}
}
@inproceedings{chen2013neil,
	title={Neil: Extracting visual knowledge from web data},
	author={Chen, Xinlei and Shrivastava, Abhinav and Gupta, Abhinav},
	booktitle={Proceedings of the IEEE International Conference on Computer Vision},
	pages={1409--1416},
	year={2013}
}
@inproceedings{zhang2013attribute,
	title={Attribute-augmented semantic hierarchy: towards bridging semantic gap and intention gap in image retrieval},
	author={Zhang, Hanwang and Zha, Zheng-Jun and Yang, Yang and Yan, Shuicheng and Gao, Yue and Chua, Tat-Seng},
	booktitle={MM},
	year={2013}
}
@inproceedings{zhang2014start,
	title={Start from scratch: Towards automatically identifying, modeling, and naming visual attributes},
	author={Zhang, Hanwang and Yang, Yang and Luan, Huanbo and Yang, Shuicheng and Chua, Tat-Seng},
	booktitle={Proceedings of the ACM International Conference on Multimedia},
	pages={187--196},
	year={2014},
	organization={ACM}
}
@inproceedings{divvala2014learning,
	title={Learning everything about anything: Webly-supervised visual concept learning},
	author={Divvala, Santosh and Farhadi, Ali and Guestrin, Carlos},
	booktitle={Proceedings of the IEEE Conference on Computer Vision and Pattern Recognition},
	pages={3270--3277},
	year={2014}
}
@inproceedings{wang2012towards,
	title={Towards indexing representative images on the web},
	author={Wang, Xin-Jing and Xu, Zheng and Zhang, Lei and Liu, Ce and Rui, Yong},
	booktitle={Proceedings of the 20th ACM international conference on Multimedia},
	pages={1229--1238},
	year={2012},
	organization={ACM}
}
@inproceedings{chen2015webly,
	title={Webly supervised learning of convolutional networks},
	author={Chen, Xinlei and Gupta, Abhinav},
	booktitle={Proceedings of the IEEE International Conference on Computer Vision},
	pages={1431--1439},
	year={2015}
}
@article{zhu2015building,
	title={Building a Large-scale Multimodal Knowledge Base System for Answering Visual Queries},
	author={Zhu, Yuke and Zhang, Ce and R{\'e}, Christopher and Fei-Fei, Li},
	journal={arXiv preprint arXiv:1507.05670},
	year={2015}
}
@article{krishna2016visual,
	title={Visual Genome: Connecting language and vision using crowdsourced dense image annotations},
	author={Krishna, Ranjay and Zhu, Yuke and Groth, Oliver and Johnson, Justin and Hata, Kenji and Kravitz, Joshua and Chen, Stephanie and Kalantidis, Yannis and Li, Li-Jia and Shamma, David A and others},
	journal={arXiv preprint arXiv:1602.07332},
	year={2016}
}
@incollection{zhu2014reasoning,
	title={Reasoning about object affordances in a knowledge base representation},
	author={Zhu, Yuke and Fathi, Alireza and Fei-Fei, Li},
	booktitle={Computer Vision--ECCV 2014},
	pages={408--424},
	year={2014},
	publisher={Springer}
}
@inproceedings{chao2015mining,
	title={Mining semantic affordances of visual object categories},
	author={Chao, Yu-Wei and Wang, Zhan and Mihalcea, Rada and Deng, Jia},
	booktitle={Proceedings of the IEEE Conference on Computer Vision and Pattern Recognition},
	pages={4259--4267},
	year={2015}
}
@inproceedings{vedantam2015learning,
	title={Learning common sense through visual abstraction},
	author={Vedantam, Ramakrishna and Lin, Xiao and Batra, Tanmay and Lawrence Zitnick, C and Parikh, Devi},
	booktitle={Proceedings of the IEEE International Conference on Computer Vision},
	pages={2542--2550},
	year={2015}
}
@inproceedings{sadeghi2015viske,
	title={Viske: Visual knowledge extraction and question answering by visual verification of relation phrases},
	author={Sadeghi, Fereshteh and Divvala, Santosh K and Farhadi, Ali},
	booktitle={Computer Vision and Pattern Recognition (CVPR), 2015 IEEE Conference on},
	pages={1456--1464},
	year={2015},
	organization={IEEE}
}
@inproceedings{johnson2015image,
	title={Image retrieval using scene graphs},
	author={Johnson, Justin and Krishna, Ranjay and Stark, Michael and Li, Li-Jia and Shamma, David A and Bernstein, Michael S and Fei-Fei, Li},
	booktitle={Computer Vision and Pattern Recognition (CVPR), 2015 IEEE Conference on},
	pages={3668--3678},
	year={2015},
	organization={IEEE}
}
@inproceedings{schuster2015generating,
	title={Generating semantically precise scene graphs from textual descriptions for improved image retrieval},
	author={Schuster, Sebastian and Krishna, Ranjay and Chang, Angel and Fei-Fei, Li and Manning, Christopher D},
	booktitle={Proceedings of the Fourth Workshop on Vision and Language},
	pages={70--80},
	year={2015}
}
@article{datta2008image,
	title={Image retrieval: Ideas, influences, and trends of the new age},
	author={Datta, Ritendra and Joshi, Dhiraj and Li, Jia and Wang, James Z},
	journal={ACM Computing Surveys},
	year={2008}
}
@article{hu2011survey,
	title={A survey on visual content-based video indexing and retrieval},
	author={Hu, Weiming and Xie, Nianhua and Li, Li and Zeng, Xianglin and Maybank, Stephen},
	journal={TSMC Part C},
	year={2011}
}
@inproceedings{over2014trecvid,
	title={Trecvid 2014--an overview of the goals, tasks, data, evaluation mechanisms and metrics},
	author={Over, Paul and Fiscus, Jon and Sanders, Greg and Joy, David and Michel, Martial and Awad, George and Smeaton, Alan and Kraaij, Wessel and Qu{\'e}not, Georges},
	booktitle={Proceedings of TRECVID},
	pages={52},
	year={2014}
}
@inproceedings{xu2015discriminative,
	author={Xu, Zhongwen and Yang, Yi and Hauptmann, Alexander G},
	title={A discriminative cnn video representation for event detection},
	booktitle={CVPR},
	year={2015}
}
@inproceedings{wang2013action,
	title={Action recognition with improved trajectories},
	author={Wang, Heng and Schmid, Cordelia},
	booktitle={ICCV},
	year={2013}
}
@article{wang2014hashing,
	title={Hashing for similarity search: A survey},
	author={Wang, Jingdong and Shen, Heng Tao and Song, Jingkuan and Ji, Jianqiu},
	journal={arXiv preprint arXiv:1408.2927},
	year={2014}
}
@article{gong2013iterative,
	title={Iterative quantization: A procrustean approach to learning binary codes for large-scale image retrieval},
	author={Gong, Yunchao and Lazebnik, Svetlana and Gordo, Albert and Perronnin, Florent},
	journal={TPAMI},
	year={2013}
}
@article{simonyan2014very,
	title={Very deep convolutional networks for large-scale image recognition},
	author={Simonyan, Karen and Zisserman, Andrew},
	journal={arXiv preprint arXiv:1409.1556},
	year={2014}
}
@inproceedings{song2011multiple,
	title={Multiple feature hashing for real-time large scale near-duplicate video retrieval},
	author={Song, Jingkuan and Yang, Yi and Huang, Zi and Shen, Heng Tao and Hong, Richang},
	booktitle={MM},
	year={2011}
}
@inproceedings{cao2012submodular,
	title={Submodular video hashing: a unified framework towards video pooling and indexing},
	author={Cao, Liangliang and Li, Zhenguo and Mu, Yadong and Chang, Shih-Fu},
	booktitle={MM},
	year={2012}
}
@inproceedings{ye2013large,
	title={Large-scale video hashing via structure learning},
	author={Ye, Guangnan and Liu, Dong and Wang, Jun and Chang, Shih-Fu},
	booktitle={CVPR},
	year={2013}
}
@inproceedings{wu2007practical,
	title={Practical elimination of near-duplicates from web video search},
	author={Wu, Xiao and Hauptmann, Alexander G and Ngo, Chong-Wah},
	booktitle={MM},
	year={2007}
}
@article{haastad2001some,
	title={Some optimal inapproximability results},
	author={H{\aa}stad, Johan},
	journal={JACM},
	year={2001}
}
@article{hochreiter1997long,
	title={Long short-term memory},
	author={Hochreiter, Sepp and Schmidhuber, J{\"u}rgen},
	journal={Neural computation},
	year={1997}
}
@article{graves2005framewise,
	title={Framewise phoneme classification with bidirectional LSTM and other neural network architectures},
	author={Graves, Alex and Schmidhuber, J{\"u}rgen},
	journal={Neural Networks},
	year={2005}
}
@inproceedings{srivastava2015unsupervised,
	title={Unsupervised Learning of Video Representations using LSTMs},
	author={Srivastava, Nitish and Mansimov, Elman and Salakhudinov, Ruslan},
	booktitle={ICML},
	year={2015}
}
@inproceedings{venugopalan2015sequence,
	title={Sequence to sequence-video to text},
	author={Venugopalan, Subhashini and Rohrbach, Marcus and Donahue, Jeffrey and Mooney, Raymond and Darrell, Trevor and Saenko, Kate},
	booktitle={ICCV},
	year={2015}
}
@inproceedings{liu2014discrete,
	title={Discrete graph hashing},
	author={Liu, Wei and Mu, Cun and Kumar, Sanjiv and Chang, Shih-Fu},
	booktitle={NIPS},
	year={2014}
}
@article{wang2016learning,
	title={Learning to Hash for Indexing Big Data: A Survey},
	author={Wang, Jun and Liu, Wei and Kumar, Sanjiv and Chang, Shih-Fu},
	journal={Proceedings of the IEEE},
	year={2016}
}
@inproceedings{erin2015deep,
	title={Deep hashing for compact binary codes learning},
	author={Erin Liong, Venice and Lu, Jiwen and Wang, Gang and Moulin, Pierre and Zhou, Jie},
	booktitle={CVPR},
	year={2015}
}
@inproceedings{karpathy2014large,
	title={Large-scale video classification with convolutional neural networks},
	author={Karpathy, Andrej and Toderici, George and Shetty, Sanketh and Leung, Thomas and Sukthankar, Rahul and Fei-Fei, Li},
	booktitle={CVPR},
	year={2014}
}
 @article{FCVID,
 	Author  =  {Jiang, Yu-Gang and Wu, Zuxuan and Wang, Jun and Xue, Xiangyang and Chang, Shih-Fu},
 	Title   =  {Exploiting Feature and Class Relationships in Video Categorization 
 	with Regularized Deep Neural Networks},
 	Journal =  {arXiv preprint arXiv:1502.07209},
 	Year    =  {2015}
 }
 @inproceedings{erin2015deep,
 	title={Deep hashing for compact binary codes learning},
 	author={Erin Liong, Venice and Lu, Jiwen and Wang, Gang and Moulin, Pierre and Zhou, Jie},
 	booktitle={CVPR},
 	year={2015}
 }
 @inproceedings{zhang2016discrete,
 	title={Discrete	Image	Hashing	Using	Large	Weakly	Annotated	Photo	Collections},
 	author={Zhang, Hanwang and Zhao, Na and	Shang, Xindi and Luan, Huanbo and Chua, Tat-seng},
 	booktitle={AAAI},
 	year={2016}
 }
 @inproceedings{glorot2011deep,
 	title={Deep sparse rectifier neural networks},
 	author={Glorot, Xavier and Bordes, Antoine and Bengio, Yoshua},
 	booktitle={ICAIS},
 	year={2011}
 }
 @inproceedings{sutskever2014sequence,
 	title={Sequence to sequence learning with neural networks},
 	author={Sutskever, Ilya and Vinyals, Oriol and Le, Quoc V},
 	booktitle={NIPS},
 	year={2014}
 }
 @article{rosasco2004loss,
 	title={Are loss functions all the same?},
 	author={Rosasco, Lorenzo and De Vito, Ernesto and Caponnetto, Andrea and Piana, Michele and Verri, Alessandro},
 	journal={Neural Computation},
  	year={2004}
 }
 @article{courbariaux2016binarynet,
 	title={BinaryNet: Training Deep Neural Networks with Weights and Activations Constrained to+ 1 or-1},
 	author={Courbariaux, Matthieu and Bengio, Yoshua},
 	journal={arXiv preprint arXiv:1602.02830},
 	year={2016}
 }
 @article{bengio2013estimating,
 	title={Estimating or propagating gradients through stochastic neurons for conditional computation},
 	author={Bengio, Yoshua and L{\'e}onard, Nicholas and Courville, Aaron},
 	journal={arXiv preprint arXiv:1308.3432},
 	year={2013}
 }
 @article{qian1999momentum,
 	title={On the momentum term in gradient descent learning algorithms},
 	author={Qian, Ning},
 	journal={NN},
 	year={1999}
 }
 @article{ioffe2015batch,
 	title={Batch normalization: Accelerating deep network training by reducing internal covariate shift},
 	author={Ioffe, Sergey and Szegedy, Christian},
 	journal={arXiv preprint arXiv:1502.03167},
 	year={2015}
 }
 @inproceedings{cho2014learning,
 	title={Learning phrase representations using RNN encoder-decoder for statistical machine translation},
 	author={Cho, Kyunghyun and Van Merri{\"e}nboer, Bart and Gulcehre, Caglar and Bahdanau, Dzmitry and Bougares, Fethi and Schwenk, Holger and Bengio, Yoshua},
 	booktitle={EMNLP},
 	year={2014}
 }
 @article{salakhutdinov2009semantic,
 	title={Semantic hashing},
 	author={Salakhutdinov, Ruslan and Hinton, Geoffrey},
 	journal={IJAR},
 	year={2009}
 }
 @inproceedings{zhao2015deep,
 	title={Deep semantic ranking based hashing for multi-label image retrieval},
 	author={Zhao, Fang and Huang, Yongzhen and Wang, Liang and Tan, Tieniu},
 	booktitle={CVPR},
 	year={2015}
 }
 @incollection{grauman2013learning,
 	title={Learning binary hash codes for large-scale image search},
 	author={Grauman, Kristen and Fergus, Rob},
 	booktitle={MLCV},
 	year={2013}
 }
 @inproceedings{gionis1999similarity,
 	title={Similarity search in high dimensions via hashing},
 	author={Gionis, Aristides and Indyk, Piotr and Motwani, Rajeev and others},
 	booktitle={VLDB},
 	year={1999}
 }
 @article{wang2012semi,
 	title={Semi-supervised hashing for large-scale search},
 	author={Wang, Jun and Kumar, Sanjiv and Chang, Shih-Fu},
 	journal={TPAMI},
 	year={2012}
 }
 @inproceedings{weiss2009spectral,
 	title={Spectral hashing},
 	author={Weiss, Yair and Torralba, Antonio and Fergus, Rob},
 	booktitle={NIPS},
 	year={2009}
 }
 @article{gong2013iterative,
 	title={Iterative quantization: A procrustean approach to learning binary codes for large-scale image retrieval},
 	author={Gong, Yunchao and Lazebnik, Svetlana and Gordo, Albert and Perronnin, Florent},
 	journal={TPAMI},
 	year={2013}
 }
 @inproceedings{revaud2013event,
 	title={Event retrieval in large video collections with circulant temporal encoding},
 	author={Revaud, J{\'e}r{\^o}me and Douze, Matthijs and Schmid, Cordelia and J{\'e}gou, Herv{\'e}},
 	booktitle={CVPR},
 	year={2013}
 }
 @inproceedings{vinyals2015show,
 	title={Show and tell: A neural image caption generator},
 	author={Vinyals, Oriol and Toshev, Alexander and Bengio, Samy and Erhan, Dumitru},
 	booktitle={CVPR},
 	year={2015}
 }
 @inproceedings{venugopalan2015sequence,
 	title={Sequence to sequence-video to text},
 	author={Venugopalan, Subhashini and Rohrbach, Marcus and Donahue, Jeffrey and Mooney, Raymond and Darrell, Trevor and Saenko, Kate},
 	booktitle={ICCV},
 	year={2015}
 }
 @inproceedings{donahue2015long,
 	title={Long-term recurrent convolutional networks for visual recognition and description},
 	author={Donahue, Jeffrey and Anne Hendricks, Lisa and Guadarrama, Sergio and Rohrbach, Marcus and Venugopalan, Subhashini and Saenko, Kate and Darrell, Trevor},
 	booktitle={CVPR},
 	year={2015}
 }
 @article{ILSVRC15,
 	Author = {Olga Russakovsky and Jia Deng and Hao Su and Jonathan Krause and Sanjeev Satheesh and Sean Ma and Zhiheng Huang and Andrej Karpathy and Aditya Khosla and Michael Bernstein and Alexander C. Berg and Li Fei-Fei},
 	Title = {{ImageNet Large Scale Visual Recognition Challenge}},
 	Year = {2015},
 	journal   = {IJCV}
 }
 @article{lipton2015critical,
 	title={A critical review of recurrent neural networks for sequence learning},
 	author={Lipton, Zachary C},
 	journal={arXiv preprint arXiv:1506.00019},
 	year={2015}
 }
 @inproceedings{bergamo2011picodes,
 	title={Picodes: Learning a compact code for novel-category recognition},
 	author={Bergamo, Alessandro and Torresani, Lorenzo and Fitzgibbon, Andrew W},
 	booktitle={NIPS},
 	year={2011}
 }
 @article{thomee2015new,
 	title={The new data and new challenges in multimedia research},
 	author={Thomee, Bart and Shamma, David A and Friedland, Gerald and Elizalde, Benjamin and Ni, Karl and Poland, Douglas and Borth, Damian and Li, Li-Jia},
 	journal={arXiv preprint arXiv:1503.01817},
 	year={2015}
 }
 @inproceedings{xiao2010sun,
 	title={Sun database: Large-scale scene recognition from abbey to zoo},
 	author={Xiao, Jianxiong and Hays, James and Ehinger, Krista A and Oliva, Aude and Torralba, Antonio},
 	booktitle={CVPR},
 	year={2010}
 }
@inproceedings{norouzi2012fast,
    	title={Fast search in hamming space with multi-index hashing},
    	author={Norouzi, Mohammad and Punjani, Ali and Fleet, David J},
    	booktitle={CVPR},
    	year={2012}
}